@inproceedings{Welling:2011:BLV:3104482.3104568,
 author = {Welling, Max and Teh, Yee Whye},
 title = {Bayesian Learning via Stochastic Gradient Langevin Dynamics},
 booktitle = {Proceedings of the 28th International Conference on International Conference on Machine Learning},
 series = {ICML'11},
 year = {2011},
 isbn = {978-1-4503-0619-5},
 location = {Bellevue, Washington, USA},
 pages = {681--688},
 numpages = {8},
 url = {http://dl.acm.org/citation.cfm?id=3104482.3104568},
 acmid = {3104568},
 publisher = {Omnipress},
 address = {USA},
} 


@article{JMLR:v17:15-494,
  author  = {Sebastian J. Vollmer and Konstantinos C. Zygalakis and Yee Whye Teh},
  title   = {Exploration of the (Non-) Asymptotic Bias and Variance of Stochastic Gradient Langevin Dynamics},
  journal = {Journal of Machine Learning Research},
  year    = {2016},
  volume  = {17},
  number  = {159},
  pages   = {1-48},
  url     = {http://jmlr.org/papers/v17/15-494.html}
}


@inproceedings{Chen:2014:SGH:3044805.3045080,
 author = {Chen, Tianqi and Fox, Emily B. and Guestrin, Carlos},
 title = {Stochastic Gradient Hamiltonian Monte Carlo},
 booktitle = {Proceedings of the 31st International Conference on International Conference on Machine Learning - Volume 32},
 series = {ICML'14},
 year = {2014},
 location = {Beijing, China},
 pages = {II-1683--II-1691},
 url = {http://dl.acm.org/citation.cfm?id=3044805.3045080},
 acmid = {3045080},
 publisher = {JMLR.org},
}



@article{doi:10.1137/15M102318X,
author = {Leimkuhler, B. and Shang, X.},
title = {Adaptive Thermostats for Noisy Gradient Systems},
journal = {SIAM Journal on Scientific Computing},
volume = {38},
number = {2},
pages = {A712-A736},
year = {2016},
doi = {10.1137/15M102318X},
URL = {https://doi.org/10.1137/15M102318X
},
eprint = { 
        https://doi.org/10.1137/15M102318X
}
}

@ARTICLE{proofsgld,
       author = {{Whye Teh}, Yee and {Thi{\'e}ry}, Alexandre and {Vollmer}, Sebastian},
        title = "{Consistency and fluctuations for stochastic gradient Langevin dynamics}",
      journal = {arXiv e-prints},
     keywords = {Statistics - Machine Learning, 60J22, 65C40},
         year = "2014",
        month = "Sep",
          eid = {arXiv:1409.0578},
        pages = {arXiv:1409.0578},
archivePrefix = {arXiv},
       eprint = {1409.0578},
 primaryClass = {stat.ML},
       adsurl = {https://ui.adsabs.harvard.edu/abs/2014arXiv1409.0578W},
      adsnote = {Provided by the SAO/NASA Astrophysics Data System}
}


@misc{presentation, author={Jikai Yan,
Katherine Edgley,
Konstantinos Brazitikos,
Mohamed Donia
},
title={A Comparison of Noisy Gradient Methods},
note={Presentation at Applied and Computational Mathematics Seminar,
University of Edinburgh}, year={2019}
}


@misc{matlab,language={MATLAB, python}, howpublished={\url{https://linktomatlabcode}},note = {BitBucket MATLAB code}}


@misc{python,language={python}, howpublished={\url{https://linktopythoncode}},note = {BitBucket python code}}


@misc{mathworks, 
author = {MATLAB Documentation and Answers by Community members},
year = {2019},
howpublished={\url{https://www.mathworks.com/etc} }
}
